@article {Stankowich2016,
author = {Stankowich, Theodore and Campbell, Lisa A.},
title = {Living in the danger zone: Exposure to predators and the evolution of spines and body armor in mammals},
journal = {Evolution},
volume = {70},
number = {7},
issn = {1558-5646},
url = {http://dx.doi.org/10.1111/evo.12961},
doi = {10.1111/evo.12961},
pages = {1501--1511},
keywords = {Antipredator, defense, insectivory, quills, spines},
year = {2016},
}

@book{GouldWonderful,
  title={Wonderful life: the Burgess Shale and the nature of history},
  author={Gould, Stephen Jay},
  year={1989},
  publisher={WW Norton \& Company}
}
